
@inproceedings{bhat2007a-globally-optimal,
	Address = {Honolulu, Hawai'i, USA},
	Author = {Sooraj Bhat and David L. Roberts and Mark J. Nelson and Charles L. Isbell and Michael Mateas},
	Booktitle = {AAMAS '07},
	Title = {A Globally Optimal Algorithm for TTD-MDPs},
	Year = {2007}}

@article{brooks1986a-robust,
	Author = {Rodney A. Brooks},
	Journal = {IEEE Journal of Robotics and Automation},
	Month = {March},
	Number = {1},
	Pages = {14--23},
	Title = {A Robust Layered Control System for a Mobile Robot},
	Volume = {2},
	Year = {1986}}

@article{tsitslikis1994a-short,
	Author = {John N. Tsitslikis},
	Journal = {The Annals of Applied Probability},
	Number = {1},
	Pages = {194--199},
	Title = {A Short Proof of the Gittins Index Theorem},
	Volume = {4},
	Year = {1994}}

@inproceedings{zook2012a-a-temporal,
	Address = {Palo Alto, California, USA},
	Author = {Alexander Zook and Mark O. Riedl},
	Booktitle = {Proceedings of the 8th AAAI Conference on Artificial Intelligence and Interactive Digital Entertainment},
	Title = {A Temporal Data-Driven Player Model for Dynamic Difficulty Adjustment},
	Year = {2012}}

@techreport{humphrys1997action,
	Author = {Humphrys, Mark},
	Institution = {University of Cambridge, Computer Laboratory},
	Month = jun,
	Number = {UCAM-CL-TR-426},
	Title = {Action selection methods using reinforcement learning},
	Year = {1997}}

@inproceedings{macal2009agent-based,
	Author = {Charles M. Macal and Michael J. North},
	Booktitle = {Proceedings of the 2009 Winter Simulation Conference},
	Editor = {M. D. Rossetti and R. R. Hill and B. Johansson and A. Dunkin and R. G. Ingalls},
	Title = {Agent-Based Modeling and Simulation},
	Year = {2009}}

@book{gilbert2008agent-based,
	Author = {Nigel Gilbert},
	Publisher = {Sage Publications},
	Title = {Agent-based models},
	Year = {2008}}

@article{polancic2010a-an-empirical,
	Author = {Gregor Polan{\v c}i{\v c} and Marjan Heri{\v c}ko and Ivan Rozman},
	Journal = {Journal of Systems and Software},
	Month = {April},
	Number = {4},
	Pages = {574--584},
	Title = {An empirical examination of application frameworks success based on technology acceptance model},
	Volume = {83},
	Year = {2010}}

@article{mohagheghi2008a-an-empirical,
	Author = {Mohagheghi, Parastoo and Conradi, Reidar},
	Journal = {ACM Trans. Softw. Eng. Methodol.},
	Month = jun,
	Number = {3},
	Pages = {13:1--13:31},
	Title = {An empirical investigation of software reuse benefits in a large telecom product},
	Volume = {17},
	Year = {2008}}

@article{anderson2004an-integrated,
	Author = {John R. Anderson and Daniel Bothell and Michael D. Byrne},
	Journal = {Psychological Review},
	Number = {4},
	Pages = {1036---1060},
	Title = {An Integrated Theory of the Mind},
	Volume = {111},
	Year = {2004}}

@inproceedings{jones2005an-introduction,
	Author = {Randolph M. Jones},
	Booktitle = {Proceedings of the Interservice/Industry Training/Simulation and Education Conference},
	Title = {An Introduction to Cognitive Architectures for Modeling and Simulation},
	Year = {2005}}

@article{horswill1995analysis,
	Author = {Ian Horswill},
	Journal = {Artificial Intelligence},
	Month = {February},
	Number = {1--2},
	Pages = {1--30},
	Title = {Analysis of Adaptation and Environment},
	Volume = {73},
	Year = {1995}}

@book{millington2009artificial,
	Author = {Ian Millington and John Funge},
	Edition = {2nd},
	Publisher = {Morgan Kaufmann Publishers Inc.},
	Title = {Artificial Intelligence For Games},
	Year = {2009}}

@inproceedings{roberts2007authorial-idioms,
	Author = {David L. Roberts and Sooraj Bhat and Kenneth St. Clair and Charles L. Isbell},
	Booktitle = {AAAI 2007},
	Title = {Authorial Idioms for Target Distributions in TTD-MDPs},
	Year = {2007}}

@inproceedings{zook2012a-automated,
	Address = {Raleigh, North Carolina, USA},
	Author = {Alexander Zook and Stephen Lee-Urban and Mark O. Riedl and Heather K. Holden and Robert A. Sottilare and Keith W. Brawner},
	Booktitle = {Proceedings of the 7th International Conference on the Foundations of Digital Games},
	Title = {Automated Scenario Generation: Toward Tailored and Optimized Military Training in Virtual Environments},
	Year = {2012}}

@inproceedings{rao1995bdi,
	Author = {Anand S. Rao and Michael P. Georgeff},
	Booktitle = {Proceedings of the First Internaltional Conference on Multiagent Systems},
	Title = {BDI Agents: From Theory to Practice},
	Year = {1995}}

@inproceedings{buse2011a-benefits,
	Address = {New York, NY, USA},
	Author = {Buse, Raymond P.L. and Sadowski, Caitlin and Weimer, Westley},
	Booktitle = {Proceedings of the 2011 ACM international conference on Object oriented programming systems languages and applications},
	Pages = {643--656},
	Publisher = {ACM},
	Series = {OOPSLA '11},
	Title = {Benefits and barriers of user evaluation in software engineering research},
	Year = {2011}}

@article{sutton1999between,
	Author = {Richard S. Sutton and Doina Precup and Satinder P. Singh},
	Journal = {Artificial Intelligence},
	Number = {1-2},
	Pages = {181-211},
	Title = {Between {MDPs} and Semi-{MDPs}: A Framework for Temporal Abstraction in Reinforcement Learning},
	Volume = {112},
	Year = {1999}}

@article{hudak1996building,
	Author = {Paul Hudak},
	Journal = {ACM COMPUTING SURVEYS},
	Title = {Building Domain-Specific Embedded Languages},
	Volume = {28},
	Year = {1996}}

@article{horswill2001cerebus,
	Author = {Ian Horswill},
	Journal = {AI Magazine},
	Title = {Cerebus: A Higher-Order Behavior-Based System},
	Year = {2001}}

@incollection{lorenz2011a-code,
	Author = {David H. Lorenz and Boaz Rosenan},
	Booktitle = {Top Productivity through Software Reuse},
	Editor = {Schmid, Klaus},
	Pages = {167-182},
	Publisher = {Springer Berlin / Heidelberg},
	Series = {Lecture Notes in Computer Science},
	Title = {Code Reuse with Language Oriented Programming},
	Volume = {6727},
	Year = {2011}}

@article{langley2008cognitive,
	Author = {Pat Langley and John E. Laird and Seth Rogers},
	Journal = {Cognitive Systems Research},
	Title = {Cognitive architectures: Research issues and challenges},
	Year = {2008}}

@inproceedings{marthi2005concurrent,
	Author = {Bhaskara Marthi and Stuart Russell and David Latham and Carlos Guestrin},
	Booktitle = {IN PROCEEDINGS IJCAI-2005},
	Pages = {779--785},
	Title = {Concurrent Hierarchical Reinforcement Learning},
	Year = {2005}}

@inproceedings{punter2003a-conducting,
	Author = {Punter, T. and Ciolkowski, M. and Freimut, B. and John, I.},
	Booktitle = {Empirical Software Engineering, 2003. ISESE 2003. Proceedings. 2003 International Symposium on},
	Month = {sept.-1 oct.},
	Pages = {80 - 88},
	Title = {Conducting on-line surveys in software engineering},
	Year = {2003}}

@techreport{laird2001creating,
	Author = {John E. Laird and John C. Duchi},
	Institution = {AAAI 2000 Fall Symposium Series : Simulating Human Agents},
	Title = {Creating Human-Like Synthetic Characters with Multiple Skill Levels: A Case Study Using the Soar Quakebot},
	Type = {AAAI Technical Report SS-01-02},
	Year = {2001}}

@inproceedings{rohanimanesh2001decision-theoretic,
	Address = {San Francisco, CA, USA},
	Author = {Rohanimanesh, Khashayar and Mahadevan, Sridhar},
	Booktitle = {Proceedings of the 17th Conference in Uncertainty in Artificial Intelligence},
	Pages = {472--479},
	Publisher = {Morgan Kaufmann Publishers Inc.},
	Series = {UAI '01},
	Title = {Decision-Theoretic Planning with Concurrent Temporally Extended Actions},
	Year = {2001}}

@inproceedings{taha2008domain-specific,
	Author = {Walid Taha},
	Booktitle = {Proceedings of the IEEE International Conference on Computer Engineering and Systems (ICCES)},
	Title = {Domain-Specific Languages},
	Year = {2008}}

@inproceedings{deursen2000domain-specific,
	Author = {Arie van Deursen and Paul Klint and Joost Visser},
	Booktitle = {ACM SIGPLAN Notices},
	Month = {June},
	Number = {6},
	Pages = {26--36},
	Title = {Domain-Specific Languages: An Annotated Bibliography},
	Volume = {35},
	Year = {2000}}

@article{guestrin2003efficient,
	Author = {Carlos Guestrin and Daphne Koller and Ronald Parr and Shobha Venkataraman},
	Journal = {Journal of Artificial Intelligence Research},
	Pages = {399--468},
	Title = {Efficient Solution Algorithms for Factored MDPs},
	Volume = {19},
	Year = {2003}}

@inproceedings{marinier2008emotion-driven,
	Address = {Washington, D.C.},
	Author = {Robert P. Marinier and John E. Laird},
	Booktitle = {30th Annual Meeting of the Cognitive Science Society},
	Title = {Emotion-Driven Reinforcement Learning},
	Year = {2008}}

@article{north2006experiences,
	Author = {Michael J. North and Nicholson T. Collier and Jerry R. Vos},
	Journal = {ACM Transactions on Modeling and Computer Simulation},
	Month = {January},
	Number = {1},
	Pages = {1--25},
	Title = {Experiences Creating Three Implementations of the Repast Agent Modeling Toolkit},
	Volume = {16},
	Year = {2006}}

@article{basili1986a-experimentation,
	Author = {Victor R. Basili and Richard W. Selby and David H. Hutchins},
	Journal = {IEEE Transactions on Software Engineering},
	Month = {July},
	Number = {7},
	Pages = {733--743},
	Title = {Experimentation in Software Engineering},
	Volume = {12},
	Year = {1986}}

@article{gacek1995a-exploiting,
	Author = {Gacek, Cristina},
	Journal = {SIGSOFT Softw. Eng. Notes},
	Month = aug,
	Number = {SI},
	Pages = {229--232},
	Title = {Exploiting domain architectures in software reuse},
	Volume = {20},
	Year = {1995}}

@inproceedings{laird2008extending,
	Author = {John E. Laird},
	Booktitle = {Proceedings of the First Conference on Artificial General Intelligence (AGI-08)},
	Title = {Extending the Soar Cognitive Architecture},
	Year = {2008}}

@inproceedings{mateas2003facade,
	Address = {San Jose, CA},
	Author = {Michael Mateas and Andrew Stern},
	Booktitle = {Game Developers Conference: Game Design Track},
	Month = {March},
	Title = {Facade: An Experiment in Building a Fully-Realized Interactive Drama},
	Year = {2003}}

@inproceedings{dayan1993feudal,
	Address = {San Francisco, CA, USA},
	Author = {Dayan, Peter and Hinton, Geoffrey E.},
	Booktitle = {Advances in Neural Information Processing Systems 5, [NIPS Conference]},
	Pages = {271--278},
	Publisher = {Morgan Kaufmann Publishers Inc.},
	Title = {Feudal Reinforcement Learning},
	Year = {1993}}

@inproceedings{moors2008generics,
	Address = {Nashville, TN USA},
	Author = {Adriaan Moors and Frank Piessens and Martin Odersky},
	Booktitle = {OOPSLA '08: ACM SIGPLAN Conference on Object-Oriented Programming, Systems, Languages, and Applications},
	Month = {October},
	Title = {Generics of a Higher Kind},
	Year = {2008}}

@article{runeson2009a-guidelines,
	Author = {Per Runeson and Martin H{\"o}st},
	Journal = {Empirical Software Engineering},
	Number = {2},
	Pages = {131--164},
	Title = {Guidelines for conducting and reporting case study research in software engineering},
	Volume = {14},
	Year = {2009}}

@inbook{carley2009handbook,
	Author = {KATHLEEN M. CARLEY and TERRILL L. FRANTZ},
	Chapter = {Modeling Organizational and Individual Decision Making},
	Editor = {Andrew P. Sage and William B. Rouse},
	Publisher = {John Wiley and Sons},
	Title = {Handbook of Systems Engineering and Management},
	Year = {2009}}

@inbook{bodner2009handbook,
	Author = {Doug A. Bodner and William B. Rouse},
	Chapter = {Organizational Simulation},
	Editor = {Andrew P. Sage and William B. Rouse},
	Publisher = {Wiley},
	Title = {Handbook of Systems Engineering and Management},
	Year = {2009}}

@techreport{loyall1991hap,
	Author = {A. B. Loyall and J. Bates},
	Number = {CMU-CS-91-147},
	Title = {Hap: {A} reactive adaptive architecture for agents},
	Year = {1991}}

@article{dietterich2000hierarchical,
	Author = {Thomas G. Dietterich},
	Journal = {Journal of Artificial Intelligence Research},
	Pages = {227-303},
	Title = {Hierarchical Reinforcement Learning with the MAXQ Value Function Decomposition},
	Volume = {13},
	Year = {2000}}

@article{basili1996a-how-reuse,
	Author = {Basili, Victor R. and Briand, Lionel C. and Melo, Walc{\'e}lio L.},
	Journal = {Commun. ACM},
	Month = oct,
	Number = {10},
	Pages = {104--116},
	Title = {How reuse influences productivity in object-oriented systems},
	Volume = {39},
	Year = {1996}}

@inproceedings{singh1998how-to-dynamically,
	Author = {Satinder Singh and David Cohn},
	Booktitle = {Advances in Neural Information Processing Systems},
	Title = {How to Dynamically Merge Markov Decision Processes},
	Volume = {10},
	Year = {1998}}

@article{laird2001human-level,
	Author = {John E. Laird and Michael van Lent},
	Journal = {AI Magazine},
	Title = {Human-Level AI's Killer Application: Interactive Computer Games},
	Year = {2001}}

@article{brooks1991intelligence,
	Author = {Rodney Brooks},
	Journal = {Artificial Intelligence},
	Pages = {139--159},
	Title = {Intelligence Without Representation},
	Volume = {47},
	Year = {1991}}

@phdthesis{mateas2002interactive,
	Address = {Pittsburgh, PA 15213},
	Author = {Michael Mateas},
	Month = {December},
	School = {Carnegie Mellon University},
	Title = {Interactive Drama, Art and Artificial Intelligence},
	Type = {CMU-CS-02-206},
	Year = {2002}}

@article{shull2000a-investigating,
	Author = {Forrest Shull and Filippo Lanubile and Victor R. Basili},
	Journal = {IEEE Transactions on Software Engineering},
	Month = {November},
	Number = {11},
	Title = {Investigating Reading Techniques for Object-Oriented Framework Learning},
	Volume = {26},
	Year = {2000}}

@article{dmitriev2004a-language,
	Author = {Sergey Dmitriev},
	Journal = {JetBrains OnBoard Online Magazine},
	Month = {February},
	Title = {Language Oriented Programming: The Next Programming Paradigm},
	Volume = {2},
	Year = {2004}}

@phdthesis{karlsson1997learning,
	Address = {Rochester, NY},
	Author = {Jonas Karlsson},
	School = {University of Rochester},
	Title = {Learning to Solve Multiple Goals},
	Year = {1997}}

@inbook{mateas2004a-behavior,
	Author = {Michael Mateas and Andrew Stern},
	Chapter = {A Behavior Language: Joint Action and Behavioral Idioms},
	Editor = {H. Prendinger and M. Ishizuka},
	Publisher = {Springer},
	Title = {Life-like Characters. Tools, Affective Functions and Applications},
	Year = {2004}}

@inproceedings{pynadath2007minimal,
	Author = {David V. Pynadath and Stacy C. Marsella},
	Booktitle = {Proceedings of the Twenty-Second Conference on Artificial Intelligence (AAAI-07)},
	Pages = {1038--1044},
	Title = {Minimal Mental Models},
	Year = {2007}}

@inbook{mockus2008a-missing,
	Author = {Audris Mockus},
	Chapter = {7},
	Editor = {Forrest Shull and Janice Singer and Dag I.K. Sj{\o}berg},
	Pages = {185--200},
	Publisher = {Springer},
	Title = {Missing Data in Software Engineering},
	Year = {2008}}

@article{vanlent2007modeling,
	Author = {Michael van Lent and Mark Core and Steve Solomon and Milton Rosenberg and Ryan McAlinden and Paul Carpenter},
	Journal = {The Bridge},
	Month = {December},
	Number = {4},
	Pages = {25--29},
	Title = {Modeling of Culturally Affected Human Behavior},
	Volume = {37},
	Year = {2007}}

@inproceedings{rao1991modeling,
	Author = {Anand S. Rao and Michael P. Georgeff},
	Booktitle = {Proceedings of the 2nd International Conference on Principles of Knowledge Representation and Reasoning},
	Editor = {James Allen and Richard Fikes and Erik Sandewall},
	Pages = {473--484},
	Publisher = {Morgan Kaufmann publishers Inc.: San Mateo, CA, USA},
	Title = {Modeling Rational Agents within a {BDI}-Architecture},
	Year = {1991}}

@article{hudak1998modular,
	Author = {Paul Hudak},
	Journal = {Proceedings of the Fifth International Conference on Software Reuse},
	Month = {June},
	Pages = {134--142},
	Title = {Modular Domain Specific Languages and Tools},
	Year = {1998}}

@techreport{sprague2003multiple-goal-techreport,
	Author = {Nathan Sprague and Dana Ballard},
	Institution = {The University of Rochester},
	Month = {June},
	Number = {798},
	Title = {Multiple-Goal Reinforcement Learning with Modular Sarsa(0)},
	Year = {2003}}

@inproceedings{sprague2003multiple-goal,
	Address = {San Francisco, CA, USA},
	Author = {Sprague, Nathan and Ballard, Dana},
	Booktitle = {IJCAI'03: Proceedings of the 18th international joint conference on Artificial intelligence},
	Pages = {1445--1447},
	Publisher = {Morgan Kaufmann Publishers Inc.},
	Title = {Multiple-goal reinforcement learning with modular Sarsa(O)},
	Year = {2003}}

@article{spinellis2001notable,
	Author = {Diomidis Spinellis},
	Journal = {Journal of Systems and Software},
	Month = feb,
	Number = {1},
	Pages = {91--99},
	Title = {Notable Design Patterns for Domain Specific Languages},
	Volume = {56},
	Year = {2001}}

@article{mitchell1993on-abstraction,
	Author = {John C. Mitchell},
	Journal = {Science of Computer Programming},
	Pages = {141--163},
	Title = {On abstraction and the expressive power of programming languages},
	Volume = {21},
	Year = {1993}}

@article{jennings2000a-on-agent-based,
	Author = {Nicholas R. Jennings},
	Journal = {Artificial Intelligence},
	Month = {April},
	Number = {2000},
	Pages = {277--296},
	Title = {On Agent-Based Software Engineering},
	Volume = {117},
	Year = {2000}}

@inproceedings{bhat2006on-the-difficulty,
	Address = {Boston, MA, USA},
	Author = {Sooraj Bhat and Charles Isbell and Michael Mateas},
	Booktitle = {Proceedings of the Twenty-First National Conference on Artificial Intelligence (AAAI-06)},
	Month = {July},
	Title = {On the Difficulty of Modular Reinforcement Learning for Real-World Partial Programming},
	Year = {2006}}

@article{ross2008online,
	Author = {Stephane Ross and Joelle Pineau and Sebastien Paquet and Brahim Chaib-draa},
	Journal = {Journal of Artificial Intelligence Research},
	Month = {July},
	Pages = {663--704},
	Title = {Online Planning Algorithms for POMDPs},
	Volume = {32},
	Year = {2008}}

@inproceedings{sujeeth2011optiml,
	Author = {Arvind K. Sujeeth and HyoukJoong Lee and Kevin J. Brown and Hassan Chafi and Michael Wu and Anand R. Atreya and Kunle Olukotun and Tiark Rompf and Martin Odersky},
	Booktitle = {Proceedings of the 28th International Conference on Machine Learning},
	Title = {OptiML: An Implicitly Parallel Domain-Specific Language for Machine Learning},
	Year = {2011}}

@inbook{kitchenham2008a-personal,
	Author = {Barbara A. Kitchenham and Shari L. Pfleeger},
	Chapter = {3},
	Editor = {Forrest Shull and Janice Singer and Dag I.K. Sj{\o}berg},
	Pages = {63--92},
	Publisher = {Springer},
	Title = {Personal Opinion Surveys},
	Year = {2008}}

@article{bratman1988plans,
	Author = {Michael E. Bratman and David J. Isreal and Martha E. Pollack},
	Journal = {Plans and resource-bounded practical rea- soning. Computational Intelligence},
	Number = {4},
	Pages = {349 -- 355},
	Title = {Plans and resource-bounded practical reasoning},
	Volume = {4},
	Year = {1988}}

@inproceedings{pineau2003point-based,
	Author = {Joelle Pineau and Geoff Gordon and Sebastian Thrun},
	Booktitle = {IJCAI'03: Proceedings of the 18th international joint conference on Artificial intelligence},
	Title = {Point-based value iteration: An anytime algorithm for POMDPs},
	Year = {2003}}

@article{pfleeger2001a-principles,
	Author = {Pfleeger, Shari Lawrence and Kitchenham, Barbara A.},
	Journal = {SIGSOFT Softw. Eng. Notes},
	Month = nov,
	Number = {6},
	Pages = {16--18},
	Title = {Principles of survey research: part 1: turning lemons into lemonade},
	Volume = {26},
	Year = {2001}}

@article{kitchenham2002a-principles,
	Author = {Kitchenham, Barbara A. and Pfleeger, Shari Lawrence},
	Journal = {SIGSOFT Softw. Eng. Notes},
	Month = jan,
	Number = {1},
	Pages = {18--20},
	Title = {Principles of survey research part 2: designing a survey},
	Volume = {27},
	Year = {2002}}

@article{kitchenham2002b-principles,
	Author = {Kitchenham, Barbara A. and Pfleeger, Shari Lawrence},
	Journal = {SIGSOFT Softw. Eng. Notes},
	Month = mar,
	Number = {2},
	Pages = {20--24},
	Title = {Principles of survey research: part 3: constructing a survey instrument},
	Volume = {27},
	Year = {2002}}

@article{kitchenham2002c-principles,
	Author = {Kitchenham, Barbara and Pfleeger, Shari Lawrence},
	Journal = {SIGSOFT Softw. Eng. Notes},
	Month = sep,
	Number = {5},
	Pages = {17--20},
	Title = {Principles of survey research: part 5: populations and samples},
	Volume = {27},
	Year = {2002}}

@inproceedings{andre2000programmable,
	Author = {David Andre and Stuart Russell},
	Booktitle = {Advances in Neural Information Processing Systems (NIPS)},
	Publisher = {MIT Press},
	Title = {Programmable Reinforcement Learning Agents},
	Volume = {13},
	Year = {2000}}

@book{odersky2008programming,
	Author = {Martin Odersky and Lex Spoon and Bill Venners},
	Edition = {1},
	Publisher = {Artima},
	Title = {Programming in Scala},
	Year = {2008}}

@inproceedings{marsella2004psychsim,
	Author = {Stacy C. Marsella and David V. Pynadath and Stephen J. Read},
	Booktitle = {Proceedings of the International Conference on Cognitive Modeling},
	Pages = {243--248},
	Title = {PsychSim: Agent-based modeling of social interactions and influence},
	Year = {2004}}

@inproceedings{pynadath2005psychsim,
	Author = {David V. Pynadath and Stacy C. Marsella},
	Booktitle = {Proceedings of the International Joint Conference on Artificial Intelligence},
	Pages = {1181--1186},
	Title = {PsychSim: Modeling Theory of Mind with Decision-Theoretic Agents},
	Year = {2005}}

@inproceedings{russell2003q-decomposition,
	Address = {Washington, D.C.},
	Author = {Stuart Russell and Andre L. Zimdars},
	Booktitle = {Proceedings of the Twentieth International Conference on Machine Learning (ICML-2003)},
	Title = {Q-Decomposition for Reinforcement Learning Agents},
	Year = {2003}}

@article{barto2003recent,
	Author = {Andrew G. Barto and Sridhar Mahadevan},
	Journal = {Discrete Event Dynamic Systems},
	Number = {1-2},
	Pages = {41-77},
	Title = {Recent Advances in Hierarchical Reinforcement Learning},
	Volume = {13},
	Year = {2003}}

@article{kaelbling1996reinforcement,
	Author = {Leslie Pack Kaelbling and Michael L. Littman and Andrew P. Moore},
	Journal = {Journal of Artificial Intelligence Research},
	Pages = {237-285},
	Title = {Reinforcement Learning: A Survey},
	Volume = {4},
	Year = {1996}}

@book{sutton1998reinforcement,
	Address = {Cambridge, MA},
	Author = {Sutton, R.S. and Barto, A.G.},
	Publisher = {MIT Press},
	Title = {Reinforcement Learning: An Introduction},
	Year = {1998}}

@inproceedings{parr1998reinforcement,
	Author = {Ronald Parr and Stuart Russell},
	Booktitle = {Advances in Neural Information Processing Systems},
	Editor = {Jordan, Michael I. and Kearns, Michael J. and Solla, Sara A.},
	Publisher = {The MIT Press},
	Title = {Reinforcement Learning with Hierarchies of Machines},
	Volume = {10},
	Year = {1998}}

@article{mili1995a-reusing,
	Author = {Hafedh Mili and Fatma Mili and Ali Mili},
	Journal = {IEEE TRANSACTIONS ON SOFTWARE ENGINEERING},
	Month = {June},
	Number = {6},
	Title = {Reusing Software: Issues and Research Directions},
	Volume = {21},
	Year = {1995}}

@inproceedings{horswill1999robot,
	Author = {Ian D. Horswill and Robert Zube},
	Booktitle = {Proceedings of the 1999 AAAI Spring Symposium on Artificial Intelligence and Computer Games},
	Title = {Robot Architectures for Believable Game Agents},
	Year = {1999}}

@inproceedings{odersky2005scalable,
	Author = {Martin Odersky and Matthias Zenger},
	Booktitle = {OOPSLA '05: ACM SIGPLAN Conference on Object-Oriented Programming, Systems, Languages, and Applications},
	Title = {Scalable Component Abstractions},
	Year = {2005}}

@article{roy2005semiotic,
	Author = {Deb Roy},
	Journal = {Artificial Intelligence},
	Number = {1--2},
	Pages = {170--205},
	Title = {Semiotic Schemas: A Framework for Grounding Language in the Action and Perception},
	Volume = {167},
	Year = {2005}}

@book{gilbert2005simulation,
	Address = {Berkshire, England},
	Author = {Nigel Gilbert and Klaus G. Troitsch},
	Publisher = {Open University Press, McGraw-Hill Education},
	Title = {Simulation for the Social Scientist},
	Year = {2005}}

@book{law2007simulation,
	Author = {Averill M. Law},
	Edition = {4th},
	Publisher = {McGraw-Hill},
	Title = {Simulation Modeling and Analysis},
	Year = {2007}}

@inproceedings{zook2012a-skill-based,
	Address = {Raleigh, North Carolina, USA},
	Author = {Alexander Zook and Stephen Lee-Urban and Michael R. Drinkwater and Mark O. Riedl},
	Booktitle = {Proceedings of the 3rd Workshop on Procedural Content Generation in Games},
	Title = {Skill-based Mission Generation: A Data-driven Temporal Player Modeling Approach},
	Year = {2012}}

@inproceedings{nason2008soar-rl,
	Address = {Pittsburgh, PA},
	Author = {Shelley Nason and John E. Laird},
	Booktitle = {6th International Conference on Cognitive Modeling},
	Title = {Soar-RL: Integrating Reinforcement Learning with Soar},
	Year = {2008}}

@book{arrow1963social,
	Author = {Kenneth J Arrow},
	Edition = {2nd},
	Publisher = {John Wiley and Sons},
	Title = {Social Choice and Individual Values},
	Year = {1963}}

@inbook{singer2008a-software,
	Author = {Janice Singer and Susan E. Sim and Timothy C. Lethbridge},
	Chapter = {1},
	Editor = {Forrest Shull and Janice Singer and Dag I.K. Sj{\o}berg},
	Pages = {9--34},
	Publisher = {Springer},
	Title = {Software Engineering Data Collection for Field Studies},
	Year = {2008}}

@article{krueger1992a-software,
	Author = {Krueger, Charles W.},
	Journal = {ACM Comput. Surv.},
	Month = jun,
	Number = {2},
	Pages = {131--183},
	Title = {Software reuse},
	Volume = {24},
	Year = {1992}}

@article{frakes1996a-software,
	Author = {Frakes, William and Terry, Carol},
	Journal = {ACM Comput. Surv.},
	Month = jun,
	Number = {2},
	Pages = {415--435},
	Title = {Software reuse: metrics and models},
	Volume = {28},
	Year = {1996}}

@inproceedings{shiva2007a-software,
	Author = {Sajjan G. Shiva and Lubna Abou Shala},
	Booktitle = {IEEE International Conference on Information Technology},
	Month = {April},
	Pages = {603--609},
	Title = {Software Reuse: Research and Practice},
	Year = {2007}}

@article{frakes2005a-software,
	Author = {William B. Frakes and Kyo Kang},
	Journal = {IEEE Transactions on Software Engineering},
	Month = {July},
	Number = {7},
	Pages = {529--536},
	Title = {Software Reuse Research: Status and Future},
	Volume = {31},
	Year = {2005}}

@inproceedings{hansen1998solving,
	Author = {Eric A. Hansen},
	Booktitle = {Proceedings of UAI},
	Title = {Solving POMDPs by Searching in Policy Space},
	Year = {1998}}

@article{samuel1959some,
	Author = {Arthur L. Samuel},
	Journal = {IBM Journal of Research and Development},
	Number = {3},
	Pages = {210--229},
	Title = {Some Studies in Machine Learning Using the Game of Checkers},
	Volume = {3},
	Year = {1959}}

@inproceedings{andre2002state,
	Address = {Edmonton, Alberta},
	Author = {David Andre and Stuart Russell},
	Booktitle = {AAAI-02},
	Publisher = {AAAI Press},
	Title = {State Abstraction for Programmable Reinforcement Learning Agents},
	Year = {2002}}

@inbook{rosenberg2008a-statistical,
	Author = {Jarrett Rosenberg},
	Chapter = {6},
	Editor = {Forrest Shull and Janice Singer and Dag I.K. Sj{\o}berg},
	Pages = {155--190},
	Publisher = {Springer},
	Title = {Statistical Methods and Measurement},
	Year = {2008}}

@phdthesis{precup2000a-temporal,
	Author = {Doina Precup},
	Month = {May},
	School = {University of Massacheusetts Amherst},
	Title = {Temporal Abstraction in Reinforcement Learning},
	Year = {2000}}

@unpublished{sottilare2012a-the-generalized,
	Author = {Robert A. Sottilare and Keith W. Brawner and Benjamin S. Goldberg and Heather K. Holden},
	Month = {October},
	Title = {The Generalized Intelligent Framework for Tutoring (GIFT)},
	Year = {2012}}

@inproceedings{dietterich1998maxq,
	Author = {Thomas G. Dietterich},
	Booktitle = {Proc. 15th International Conf. on Machine Learning},
	Pages = {118--126},
	Publisher = {Morgan Kaufmann, San Francisco, CA},
	Title = {The {MAXQ} method for hierarchical reinforcement learning},
	Year = {1998}}

@inbook{basili2007role,
	Author = {Victor R. Basili},
	Number = {LNCS 4336},
	Pages = {33--37},
	Title = {The Role of Controlled Experiments in Software Engineering Research},
	Year = {2007}}

@inproceedings{simpkins2008towards,
	Address = {Nashville, TN USA},
	Author = {Christopher Simpkins and Sooraj Bhat and Charles Isbell and Michael Mateas},
	Booktitle = {OOPSLA '08: ACM SIGPLAN Conference on Object-Oriented Programming, Systems, Languages, and Applications, Onward! Track},
	Month = {October},
	Title = {Towards Adaptive Programming: Integrating Reinforcement Learning into a Programming Language},
	Year = {2008}}

@inproceedings{zang2007towards,
	Author = {Peng Zang and Manish Mehta and Michael Mateas and Ashwin Ram},
	Booktitle = {International Joint Conference on Artificial Intelligence (IJCAI-07)},
	Title = {Towards Runtime Behavior Adaptation for Embodied Characters},
	Year = {2007}}

@inproceedings{macal2006tutorial,
	Author = {Charles M. Macal and Michael J. North},
	Booktitle = {Proceedings of the 2006 Winter Simulation Conference},
	Editor = {L. F. Perrone and F. P. Wieland and J. Liu and B. G. Lawson and D. M. Nicol and R. M. Fujimoto},
	Publisher = {IEEE},
	Title = {Tutorial on Agent-Based Modeling and Simulation Part 2: How to Model with Agents},
	Year = {2006}}

@article{bodner2007understanding,
	Author = {Douglas A. Bodner and William B. Rouse},
	Journal = {Systems Engineering},
	Number = {1},
	Pages = {64--82},
	Title = {Understanding R\&D Value Creation with Organizational Simulation},
	Volume = {10},
	Year = {2007}}

@inproceedings{xiang2005verification,
	Address = {San Diego, CA},
	Author = {Xiaorong Xiang and Ryan Kennedy and Greg Madey},
	Booktitle = {Agent-Directed Simulation Conference},
	Month = {April},
	Pages = {47--55},
	Title = {Verification and Validation of Agent-based Scientific Simulation Models},
	Year = {2005}}

@inproceedings{kennedy2005verification,
	Address = {Chicago, IL USA},
	Author = {R. C. Kennedy and X. Xiang and G. R. Madey and T. F. Cosimano},
	Booktitle = {Agent 2005},
	Month = {October},
	Title = {Verification and Validation of Scientific and Economic Models},
	Year = {2005}}

@inproceedings{sargent2007verification,
	Author = {Robert G. Sargent},
	Booktitle = {Proceedings of the 2007 Winter Simulation Conference},
	Editor = {S. G. Henderson and B. Biller and M.-H. Hsieh and J. Shortle and J. D. Tew and R. R. Barton},
	Title = {Verification and Validation of Simulation Models},
	Year = {2007}}

@inproceedings{horswill2009very,
	Address = {Orlando, FL},
	Author = {Ian Horswill},
	Booktitle = {Proceedings of the Fifth International Conference on Foundations of Digital Games (FDG-09)},
	Title = {Very Fast Action Selection for Parameterized Behaviors},
	Year = {2009}}

@article{mernik2005when,
	Author = {Marjan Mernik and Jan Heering and Anthony M. Sloane},
	Journal = {ACM Computing Surveys},
	Month = {December},
	Number = {4},
	Pages = {316--344},
	Title = {When and How to Develop Domain-Specific Languages},
	Volume = {37},
	Year = {2005}}

@Inbook{precup1998a-theoretical,
    author="Precup, Doina and Sutton, Richard S. and Singh, Satinder",
    editor="N{\'e}dellec, Claire and Rouveirol, C{\'e}line",
    title="Theoretical results on reinforcement learning with temporally abstract options",
    bookTitle="Machine Learning: ECML-98: 10th European Conference on Machine Learning Chemnitz, Germany, April 21--23, 1998 Proceedings",
    year="1998",
    publisher="Springer Berlin Heidelberg",
    address="Berlin, Heidelberg",
    pages="382--393",
    isbn="978-3-540-69781-7",
    doi="10.1007/BFb0026709",
    url="http://dx.doi.org/10.1007/BFb0026709"
}

@inproceedings{rowe2013modular,
  title={A modular reinforcement learning framework for interactive narrative planning},
  author={Rowe, Jonathan P and Lester, James C},
  booktitle={Proceedings of the 9th AAAI Conference on Artificial Intelligence and Interactive Digital Entertainment},
  pages={57--63},
  year={2013}
}

@inproceedings{lau2012coordination,
  title={Coordination guided reinforcement learning},
  author={Lau, Qiangfeng Peter and Lee, Mong Li and Hsu, Wynne},
  booktitle={Proceedings of the 11th International Conference on Autonomous Agents and Multiagent Systems-Volume 1},
  pages={215--222},
  year={2012},
  organization={International Foundation for Autonomous Agents and Multiagent Systems}
}

@inproceedings{sprague2003eye,
  title={Eye movements for reward maximization},
  author={Sprague, Nathan and Ballard, Dana},
  booktitle={Advances in neural information processing systems},
  pages={None},
  year={2003}
}

@inproceedings{konidaris2006adaptive,
  title={An adaptive robot motivational system},
  author={Konidaris, George and Barto, Andrew},
  booktitle={International Conference on Simulation of Adaptive Behavior},
  pages={346--356},
  year={2006},
  organization={Springer}}

@article{sprague2007modeling,
  title={Modeling embodied visual behaviors},
  author={Sprague, Nathan and Ballard, Dana and Robinson, Al},
  journal={ACM Transactions on Applied Perception (TAP)},
  volume={4},
  number={2},
  pages={11},
  year={2007},
  publisher={ACM}
}

@article{aissani2009dynamic,
  title={Dynamic scheduling of maintenance tasks in the petroleum industry: A reinforcement approach},
  author={Aissani, Nassima and Beldjilali, Bouziane and Trentesaux, Damien},
  journal={Engineering Applications of Artificial Intelligence},
  volume={22},
  number={7},
  pages={1089--1103},
  year={2009},
  publisher={Elsevier}
}

@inbook{mischel2008handbook,
	Address = {New York},
	Author = {Walter Mischel and Yuichi Shoda},
	Chapter = {Toward a Unified Theory of Personality: Integrating Dispositions and Processing Dynamics within the Cognitive-Affective Processing System},
	Date-Added = {2010-03-09 23:16:17 -0500},
	Date-Modified = {2010-04-17 17:27:00 -0400},
	Editor = {O.P. John and R.W. Robins and L.A. Pervin},
	Keywords = {personality, iccm2010},
	Pages = {208 -- 241},
	Publisher = {Guilford},
	Title = {Handbook of Personality: Theory and Research},
	Year = {2008}}

@article{dweck1988a-social-cognitive,
	Author = {Carol S. Dweck and Ellen L. Leggett},
	Date-Added = {2010-03-09 23:37:11 -0500},
	Date-Modified = {2010-04-17 17:27:29 -0400},
	Journal = {Psychological Review},
	Keywords = {personality, iccm2010},
	Number = {2},
	Pages = {256--273},
	Title = {A Social-Cognitive Approach to Motivation and Personality},
	Volume = {95},
	Year = {1988}}

@book{cervone2009personality,
	Author = {Daniel Cervone and Lawrence A. Pervin},
	Date-Added = {2010-04-18 11:54:44 -0400},
	Date-Modified = {2010-04-18 12:02:05 -0400},
	Keywords = {personality, iccm2010},
	Publisher = {John Wiley and Sons},
	Title = {Personality: Theory and Research},
	Year = {2009}}

@inbook{cervone1999the-coherence,
	Address = {New York},
	Author = {D. Cervone and Y. Shoda},
	Chapter = {Social-cognitive Theories and the Coherence of Personality},
	Date-Added = {2010-04-19 16:16:35 -0400},
	Date-Modified = {2010-04-19 16:19:09 -0400},
	Editor = {D. Cervone and Y. Shoda},
	Keywords = {personality, iccm2010},
	Pages = {3--33},
	Publisher = {Guilford Press},
	Title = {The Coherence of Personality: Social-cognitive Bases of Consistency, Veriability, and Organization},
	Year = {1999}}

@inbook{mccrae2008handbook,
	Address = {New York},
	Author = {Robert R. McCrae and Paul T. Costa, Jr.},
	Chapter = {The Five-Factor Theory of Personality},
	Date-Added = {2010-04-18 11:18:08 -0400},
	Date-Modified = {2010-04-18 11:21:29 -0400},
	Editor = {O.P. John and R.W. Robins and L.A. Pervin},
	Keywords = {personality, iccm2010},
	Pages = {159--181},
	Publisher = {Guilford},
	Title = {Handbook of Personality: Theory and Research},
	Year = {2008}}

@article{elliot2002approach-avoidance,
	Author = {Andrew J. Elliot and Todd M. Thrash},
	Date-Added = {2010-04-13 08:49:13 -0400},
	Date-Modified = {2010-04-17 17:27:40 -0400},
	Journal = {Journal of Personality and Social Psychology},
	Keywords = {personality, motivation, iccm2010},
	Number = {5},
	Pages = {804--818},
	Title = {Approach-Avoidance Motivation in Personality: Approach and Avoidance Temperaments and Goals},
	Volume = {82},
	Year = {2002}}

@inproceedings{john1998cognitive,
	Address = {Vancouver, British Columbia, Canada},
	Author = {Bonnie E. John},
	Booktitle = {Invited paper in the Proceedings of Graphics Interface `98},
	Date-Added = {2010-04-19 22:48:29 -0400},
	Date-Modified = {2010-04-19 22:50:47 -0400},
	Keywords = {cognitive modeling, hci, iccm2010},
	Month = {June},
	Organization = {Canadian Human-Computer Communications Society},
	Title = {Cognitive Modeling for Human-Computer Interaction},
	Year = {1998}}

@inbook{mateas2004life-like,
  chapter = {A Behavior Language: Joint Action and Behavioral Idioms},
  title = {Life-like Characters. Tools, Affective Functions and Applications},
  publisher = {Springer},
  year = {2004},
  editor = {H. Prendinger and M. Ishizuka},
  author = {Michael Mateas and Andrew Stern}
}

@article{gratch2005lessons,
	Author = {Jonathan Gratch and Stacy Marsella},
	Date-Added = {2010-04-19 17:39:55 -0400},
	Date-Modified = {2010-04-19 17:41:43 -0400},
	Journal = {Journal of Applied Artificial Intelligence (special issue on Educational Agents - Beyond Virtual Tutors)},
	Keywords = {psychology, agents, virtual humans, iccm2010},
	Number = {3-4},
	Pages = {215--233},
	Title = {Lessons from Emotion Psychology for the Design of Lifelike Characters},
	Volume = {19},
	Year = {2005}}

@article{swartout2006toward,
	Author = {William Swartout and Jonathan Gratch and Randall Hill and Eduard Hovy and Stacy Marsella and Jeff Rickel and David Traum},
	Date-Added = {2010-04-17 18:43:18 -0400},
	Date-Modified = {2010-04-17 18:45:40 -0400},
	Journal = {AI Magazine},
	Keywords = {believable agents, agents, iccm2010},
	Number = {1},
	Title = {Toward Virtual Humans},
	Volume = {27},
	Year = {2006}}

@article{atkinson1960achievement,
	Author = {John W. Atkinson and George H. Litwin},
	Date-Added = {2010-04-16 12:51:59 -0400},
	Date-Modified = {2010-04-18 11:09:28 -0400},
	Journal = {Journal of Abnormal and Social Psychology},
	Keywords = {personality, motivationn, iccm2010},
	Number = {1},
	Pages = {52--63},
	Title = {Achievement Motive and Test Anxiety Conceived as Motive to Approach Success and Motive to Avoid Failure},
	Volume = {60},
	Year = {1960}}

@electronic{norvig1998decision,
	Author = {Peter Norvig},
	Date-Added = {2008-03-19 11:46:27 -0400},
	Date-Modified = {2012-04-23 12:23:35 -0400},
	Howpublished = {Presentation},
	Keywords = {adaptive software, programming, oopsla2008},
	Lastchecked = {2008},
	Month = {March},
	Title = {Decision Theory: The Language of Adaptive Agent Software},
	Url = {http://www.norvig.com/adaptive/index.htm},
	Year = {1998},
	Bdsk-Url-1 = {http://www.norvig.com/adaptive/index.htm}}

@electronic{norvig1998adaptive,
	Author = {Peter Norvig and David Cohn},
	Date-Added = {2008-03-19 11:36:21 -0400},
	Date-Modified = {2012-04-23 12:23:44 -0400},
	Keywords = {adaptive software, oopsla2008, programming},
	Lastchecked = {2008},
	Title = {Adaptive Software},
	Url = {http://norvig.com/adapaper-pcai.html},
	Urldate = {1998},
	Year = {1998},
	Bdsk-Url-1 = {http://norvig.com/adapaper-pcai.html}}

@inproceedings{chaari2014scheduling,
  title={Scheduling under uncertainty: Survey and research directions},
  author={Chaari, Tarek and Chaabane, Sondes and Aissani, Nassima and Trentesaux, Damien},
  booktitle={Advanced Logistics and Transport (ICALT), 2014 International Conference on},
  pages={229--234},
  year={2014},
  organization={IEEE}
}

@inproceedings{rohanimanesh2001decision,
  title={Decision-theoretic planning with concurrent temporally extended actions},
  author={Rohanimanesh, Khashayar and Mahadevan, Sridhar},
  booktitle={Proceedings of the Seventeenth Conference on Uncertainty in Artificial Intelligence},
  pages={472--479},
  year={2001},
  organization={Morgan Kaufmann Publishers Inc.}
}

@inproceedings{rohanimanesh2002learning,
  title={Learning to take concurrent actions},
  author={Rohanimanesh, Khashayar and Mahadevan, Sridhar},
  booktitle={Advances in neural information processing systems},
  pages={1619--1626},
  year={2002}
}

@article{mccabe1976complexity,
  title={A complexity measure},
  author={McCabe, Thomas J},
  journal={IEEE Transactions on software Engineering},
  number={4},
  pages={308--320},
  year={1976},
  publisher={IEEE}
}

@article{gill1991cyclomatic,
  title={Cyclomatic complexity density and software maintenance productivity},
  author={Gill, Geoffrey K. and Kemerer, Chris F.},
  journal={IEEE transactions on software engineering},
  volume={17},
  number={12},
  pages={1284--1288},
  year={1991},
  publisher={IEEE}
}

@article{weyuker1988evaluating,
  title={Evaluating software complexity measures},
  author={Weyuker, Elaine J.},
  journal={IEEE transactions on Software Engineering},
  volume={14},
  number={9},
  pages={1357--1365},
  year={1988},
  publisher={IEEE}
}

@article{mccabe1989design,
  title={Design complexity measurement and testing},
  author={McCabe, Thomas J and Butler, Charles W},
  journal={Communications of the ACM},
  volume={32},
  number={12},
  pages={1415--1425},
  year={1989},
  publisher={ACM}
}

@article{kearney1986software,
  title={Software complexity measurement},
  author={Kearney, Joseph P and Sedlmeyer, Robert L and Thompson, William B and Gray, Michael A and Adler, Michael A},
  journal={Communications of the ACM},
  volume={29},
  number={11},
  pages={1044--1050},
  year={1986},
  publisher={ACM}
}

@article{shao2003new,
  title={A new measure of software complexity based on cognitive weights},
  author={Shao, Jingqiu and Wang, Yingxu},
  journal={Canadian Journal of Electrical and Computer Engineering},
  volume={28},
  number={2},
  pages={69--74},
  year={2003},
  publisher={IEEE}
}

@inproceedings{bauer2011adaptation,
  title={Adaptation-based programming in Java},
  author={Bauer, Tim and Erwig, Martin and Fern, Alan and Pinto, Jervis},
  booktitle={Proceedings of the 20th ACM SIGPLAN workshop on Partial evaluation and program manipulation},
  pages={81--90},
  year={2011},
  organization={ACM}
}

@article{bauer2011adaptation-haskell,
  title={Adaptation-based programming in haskell},
  author={Bauer, Tim and Erwig, Martin and Fern, Alan and Pinto, Jervis},
  journal={arXiv preprint arXiv:1109.0774},
  year={2011}
}

@phdthesis{bauer2013adaptation,
  title={Adaptation-based programming},
  author={Bauer, Tim},
  school={Oregon State University},
  year={2013}
}

@book{bellman1957dynamic,
  title={Dynamic Programming},
  author={Richard E. Bellman},
  publisher={Princeton University Press},
  year={1957}
}

@book{bertsekas2012dynamic,
  title={Dynamic programming and optimal control},
  author={Bertsekas, Dimitri P},
  volume={1,2},
  edition={3},
  publisher={Athena Scientific},
  year={2013}
}

@phdthesis{howard1960dynamic,
  title={Dynamic Programming and Markov Processes},
  author={Howard, Ron},
  publisher={MIT Press},
  year={1960}
}

@article{van-nunen1976set,
  title={A set of successive approximation methods for discounted Markovian decision problems},
  author={Van Nunen, JAEE},
  journal={Zeitschrift fuer operations research},
  volume={20},
  number={5},
  pages={203--208},
  year={1976},
  publisher={Springer}
}


@article{puterman1978modified,
  title={Modified policy iteration algorithms for discounted Markov decision problems},
  author={Puterman, Martin L and Shin, Moon Chirl},
  journal={Management Science},
  volume={24},
  number={11},
  pages={1127--1137},
  year={1978},
  publisher={INFORMS}
}

@phdthesis{watkins1989models,
  title={Models of delayed reinforcement learning},
  author={Watkins, Christopher J},
  year={1989},
  school={Ph. D. thesis, Cambridge University}
}

@book{rummery1994online,
  title={On-line Q-learning using connectionist systems},
  author={Rummery, Gavin A and Niranjan, Mahesan},
  year={1994},
  publisher={University of Cambridge, Department of Engineering}
}

@book{russell2003artificial,
	Address = {Upper Saddle River, NJ},
	Author = {Stuart Russell and Peter Norvig},
	Date-Added = {2008-03-19 19:56:27 -0400},
	Date-Modified = {2008-03-19 20:00:00 -0400},
	Publisher = {Prenticce Hall},
	Title = {Artificial Intelligence: A Modern Approach},
	Year = {2003}}

@inproceedings{zang2009discovering,
  author = {Peng Zang and Peng Zhou and David Minnen and Charles L. Isbell},
  year = {2009},
  title = {{Discovering Options from Example Trajectories}},
  booktitle = {Proceedings of the Twenty-sixth International Conference on Machine Learning (ICML)},
  topic = {activity discovery; reinforcement learning},
  venue = {ICML},
  pdf = {http://www.cc.gatech.edu/~pengzang/motif-rl.pdf}
}

@inproceedings{zang2010using,
  author = {Peng Zang and Arya Irani and Peng Zhou and Charles L. Isbell and Andrea Thomaz},
  year = {2010},
  title = {{Using Training Regimens to Teach Expanding Function Approximators}},
  booktitle = {Proceedings of the Ninth International Joint Conference on Autonomous Agents and Multiagent Systems (AAMAS)},
  topic = {reinforcement learning; human teaching},
  pdf = {http://www.cc.gatech.edu/~isbell/papers/evfa.pdf},
  venue = {AAMAS}
}

@inproceedings{zang2010batch,
  author = {Peng Zang and Runhe Tian and Charles L. Isbell and Andrea Thomaz},
  year = {2010},
  title = {Batch versus Interactive Learning by Demonstration},
  booktitle = {Proceedings of the Ninth International Conference on Development and Learning (ICDL)},
  topic = {reinforcement learning; human teaching},
  pdf = {http://www.cc.gatech.edu/~isbell/papers/batch.pdf},
  venue = {ICDL}
}

@inproceedings{cobo-rus2011automatic,
  author = {Luis Carlos Cobo~Rus and Peng Zang and Charles L. Isbell and Andrea Thomaz},
  title = {{Automatic State Abstraction from Demonstration}},
  booktitle = {Proceedings of the Twenty-Second International Joint Conference on Artificial Intelligence (IJCAI)},
  topic = {reinforcement learning; human teaching},
  year = {2011},
  venue = {IJCAI},
  pdf = {http://www.cc.gatech.edu/~isbell/papers/afd2011.pdf}
}
@inproceedings{cobo-rus2012automatic,
  author = {Luis Carlos Cobo~Rus and Charles L. Isbell and Andrea Thomaz},
  year = {2012},
  title = {{Automatic Decomposition and State Abstraction from Demonstration}},
  booktitle = {Proceedings of the Eleventh International Joint Conference on Autonomous Agents and Multiagent Systems (AAMAS)},
  topic = {interactive machine learning; reinforcement learning; human teaching},
  venue = {AAMAS},
  pdf = {http://www.cc.gatech.edu/~isbell/papers/ada2012.pdf}
}

@inproceedings{cobo-rus2013object,
  author = {Luis Carlos Cobo~Rus and Charles L. Isbell and Andrea Thomaz},
  year = {2013},
  title = {{Object Focused Q-learning for Autonomous Agents}},
  booktitle = {Proceedings of the Twelfth International Joint Conference on Autonomous Agents and Multiagent Systems (AAMAS)},
  topic = {interactive machine learning; reinforcement learning; human teaching},
  venue = {AAMAS},
  pdf = {http://www.cc.gatech.edu/~isbell/papers/ofql2013.pdf}
}

@article{cobo-rus2014abstraction,
  author = {Luis Carlos Cobo~Rus and Kaushik Subramanian and Charles L. Isbell and Aaron Lanterman and Andrea Thomaz},
  year = {2014},
  title = {{Abstraction from Demonstration for Efficient Reinforcement Learning in High-Dimensional Domains}},
  journal = {Artificial Intelligence},
  volume = {216},
  number = {0},
  pages = {103--128},
  topic = {interactive machine learning; reinforcement learning; human teaching},
  venue = {AIJ},
  fixurl = {http://www.sciencedirect.com/science/article/pii/S0004370214000861}
}

@inproceedings{scholz2014physics,
  author = {Jonathan Scholz and Martin Levihn and Charles L. Isbell and David Wingate},
  year = {2014},
  title = {{A Physics-Based Model Prior for Object-Oriented MDPs}},
  topic = {reinforcement learning; robotics},
  booktitle = {Proceedings of the 31st International Conference on Machine Learning (ICML)},
  venue = {ICML},
  pdf = {http://www.cc.gatech.edu/~isbell/papers/physics-icml2014.pdf}
}

@inproceedings{scholz2015learning,
  author = {Jonathan Scholz and Martin Levihn and Charles L. Isbell and Henrik Christensen and Mike Stilman},
  year = {2015},
  title = {{Learning Non-Holonomic Object Models for Mobile Manipulation}},
  booktitle = {Proceedings of the the 2015 IEEE International Conference on Robotics and Automation (ICRA)},
  venue = {ICRA},
  topic = {reinforcement learning; robotics},
  pdf = {http://www.cc.gatech.edu/~isbell/papers/physics-icra2015.pdf}
}

@inproceedings{scholz2016navigating,
  author = {Jonathan Scholz and Jindal Nehchal and Martin Levihn and Charles L. Isbell},
  year = {2016},
  title = {{Navigation Among Movable Obstacles with Learned Dynamic Constraints}},
  booktitle = {Proceedings of the the 2016 IEEE/RSJ International Conference on Intelligent Robots and Systems (IROS)},
  venue = {IROS},
  topic = {reinforcement learning; robotics}
}

@electronic{catto2013box2d,
	Author = {Erin Catto},
	Title = {Box2D Physics Engine},
	Url = {http://box2d.org/},
	Urldate = {2013},
	Year = {2013}}

@article{simon1957models,
  title={Models of man; social and rational.},
  author={Simon, Herbert A},
  year={1957},
  publisher={Wiley}
}

@article{roberts1980interpersonal,
  title={Interpersonal comparability and social choice theory},
  author={Roberts, Kevin WS},
  journal={The Review of Economic Studies},
  pages={421--439},
  year={1980},
  publisher={JSTOR}
}

@inproceedings{zhang2015global,
  title={Global Policy Construction in Modular Reinforcement Learning.},
  author={Zhang, Ruohan and Song, Zhao and Ballard, Dana H},
  booktitle={AAAI},
  pages={4226--4227},
  year={2015}
}

@electronic{peters2004zen,
	Author = {Tim Peters},
	Title = {PEP 20 -- The Zen of Python},
	Url = {https://www.python.org/dev/peps/pep-0020/},
	Urldate = {2016},
	Year = {2004}}

@article{landin1966next,
  title={The next 700 programming languages},
  author={Landin, Peter J},
  journal={Communications of the ACM},
  volume={9},
  number={3},
  pages={157--166},
  year={1966},
  publisher={ACM}
}

@inproceedings{chamberlin1974sequel,
  title={SEQUEL: A structured English query language},
  author={Chamberlin, Donald D and Boyce, Raymond F},
  booktitle={Proceedings of the 1974 ACM SIGFIDET (now SIGMOD) workshop on Data description, access and control},
  pages={249--264},
  year={1974},
  organization={ACM}
}

@book{fowler2011domain,
	Author = {Martin Fowler},
	Publisher = {Addison-Wesley},
	Title = {Domain Specific Languages},
	Year = {2011}
}

@article{freeman1971model,
  title={A model for functional reasoning in design},
  author={Freeman, Peter and Newell, Allen},
  year={1971}
}

@inproceedings{mcilroy1968mass,
  title={Mass-produced software components},
  author={McIlroy, M Douglas and Buxton, J and Naur, Peter and Randell, Brian},
  booktitle={Proceedings of the 1st International Conference on Software Engineering, Garmisch Pattenkirchen, Germany},
  pages={88--98},
  year={1968},
  organization={sn}
}

@article{ward1994language,
  title={Language-oriented programming},
  author={Ward, Martin P},
  journal={Software-Concepts and Tools},
  volume={15},
  number={4},
  pages={147--161},
  year={1994},
  publisher={Berlin: Springer International, c1994-c2000.}
}

@inproceedings{rosenan2010designing,
  title={Designing language-oriented programming languages},
  author={Rosenan, Boaz},
  booktitle={Proceedings of the ACM international conference companion on Object oriented programming systems languages and applications companion},
  pages={207--208},
  year={2010},
  organization={ACM}
}

@article{dmitriev2004language,
  title={Language oriented programming: The next programming paradigm},
  author={Dmitriev, Sergey},
  journal={JetBrains onBoard},
  volume={1},
  number={2},
  pages={1--13},
  year={2004}
}

@book{stallman2014emacs,
  title={The GNU Emacs 24.4 Reference Manual},
  author={Stallman, Richard M},
  year={2014},
  publisher={Samurai Media Limited}
}

@book{knuth1984texbook,
  title={The texbook},
  author={Knuth, Donald Ervin and Bibby, Duane},
  volume={3},
  year={1984},
  publisher={Addison-Wesley Reading}
}

@book{lamport1986document,
  title={Document Preparation System},
  author={Lamport, Leslie and LaTEX, A},
  year={1986},
  publisher={Addison-Wesley Reading Mass}
}

@article{henry1981software,
  title={Software structure metrics based on information flow},
  author={Henry, Sallie and Kafura, Dennis},
  journal={IEEE transactions on Software Engineering},
  number={5},
  pages={510--518},
  year={1981},
  publisher={IEEE}
}

@article{curtis1979measuring,
  title={Measuring the psychological complexity of software maintenance tasks with the Halstead and McCabe metrics},
  author={Curtis, Bill and Sheppard, Sylvia B. and Milliman, Phil and Borst, MA and Love, Tom},
  journal={IEEE Transactions on software engineering},
  number={2},
  pages={96--104},
  year={1979},
  publisher={IEEE}
}

@inproceedings{albrecht1979measuring,
  title={Measuring application development productivity},
  author={Albrecht, Allan J},
  booktitle={Proceedings of the joint SHARE/GUIDE/IBM application development symposium},
  volume={10},
  pages={83--92},
  year={1979}
}

@article{albrecht1983software,
  title={Software function, source lines of code, and development effort prediction: a software science validation},
  author={Albrecht, Allan J. and Gaffney, John E},
  journal={IEEE transactions on software engineering},
  number={6},
  pages={639--648},
  year={1983},
  publisher={IEEE}
}

@book{halstead1977elements,
  title={Elements of software science},
  author={Halstead, Maurice Howard},
  volume={7},
  year={1977},
  publisher={Elsevier New York}
}

@article{andre2001programmable,
  title={Programmable reinforcement learning agents},
  author={Andre, David and Russell, Stuart J},
  journal={Advances in neural information processing systems},
  pages={1019--1025},
  year={2001},
  publisher={MIT; 1998}
}

@article{neighbors1984draco,
  title={The Draco approach to constructing software from reusable components},
  author={Neighbors, James M},
  journal={IEEE Transactions on Software Engineering},
  number={5},
  pages={564--574},
  year={1984},
  publisher={IEEE}
}
